@book{sw:weka,
	author 		= {Frank, E. and Hall, Mark A. and Witten, Ian H.},
	title 		= {The WEKA Workbench},
	publisher 	= {Morgan Kaufmann},
	journal 	= {Online Appendix for "Data Mining: Practical Machine Learning Tools and Techniques"},
	edition 	= {4th edition},
	year 		= {2016},
	eprint 		= {https://www.cs.waikato.ac.nz/ml/weka/Witten_et_al_2016_appendix.pdf}
}

@book{ds:iris,
	author 		= {Fisher, R. A.},
	title 		= {THE USE OF MULTIPLE MEASUREMENTS IN TAXONOMIC PROBLEMS},
	journal 	= {Annals of Eugenics},
	volume 		= {7},
	number	 	= {2},
	pages 	 	= {179-188},
	doi 		= {10.1111/j.1469-1809.1936.tb02137.x},
	eprint 		= {https://onlinelibrary.wiley.com/doi/pdf/10.1111/j.1469-1809.1936.tb02137.x},
	abstract 	= {The articles published by the Annals of Eugenics (1925â€“1954) have been made available online as an historical archive intended for scholarly use. The work of eugenicists was often pervaded by prejudice against racial, ethnic and disabled groups. The online publication of this material for scholarly research purposes is not an endorsement of those views nor a promotion of eugenics in any way.},
	year 		= {1936}
}

@online{sw:data-preparator,
	author 	= {Bozena, S.},
	title 	= {DataPreparator},
	year 	= {2013},
	url 	= {http://www.datapreparator.com},
	urldate	= {2020-09-09}
}

@customa{sw:r-data-preparation,
	title	= {dataPreparation: Automated Data Preparation},
	url		= {https://cran.r-project.org/web/packages/dataPreparation},
	urldate	= {2020-09-09}
}


@online{site:pyqt,
	title	= {What is PyQt?},
	url 	= {https://riverbankcomputing.com/software/pyqt/intro},
	urldate	= {2020-09-09}
}

@online{site:pyside,
	title	= {Qt for Python: The official Python bindings for Qt},
	url 	= {https://www.qt.io/qt-for-python},
	urldate	= {2020-09-09}
}

@customa{site:nodegraph-pyqt,
	title	= {dsideb/nodegraph-pyqt},
	url		= {https://github.com/dsideb/nodegraph-pyqt},
	urldate	= {2020-09-09}
}

@online{site:qt-threading-gui,
	title	= {Threading Basics: GUI Thread and Worker Thread},
	url		= {https://doc.qt.io/qt-5/thread-basics.html#gui-thread-and-worker-thread},
	urldate	= {2020-09-09}
}

@online{site:qt-threading-reuse,
	title	= {QThreadPool and QRunnable: Reusing Threads},
	url		= {https://doc.qt.io/qt-5/threads-technologies.html#qthreadpool-and-qrunnable-reusing-threads},
	urldate	= {2020-09-09}
}

@online{site:qt-concurrent,
	title	= {Qt Concurrent},
	url		= {https://doc.qt.io/qt-5/qtconcurrent-index.html},
	urldate	= {2020-09-09}
}

@online{site:qt-doc-signals,
	title	= {Qt Documentation: Signals \& Slots},
	url		= {https://doc.qt.io/qt-5/signalsandslots.html},
	urldate	= {2020-09-09}
}

@online{site:qt-doc-model-view,
	title	= {Qt Documentation: Model/View Programming},
	url		= {https://doc.qt.io/qt-5/model-view-programming.html},
	urldate	= {2020-09-09}
}


@online{site:qt-doc-graphics-view,
	title	= {Qt Documentation: Graphics View Framework},
	url		= {https://doc.qt.io/qt-5/graphicsview.html},
	urldate	= {2020-09-09}
}

@customa{site:qt-example-callout,
	title	= {Qt Documentation: Callout Example},
	url		= {https://doc.qt.io/qt-5/qtcharts-callout-example.html},
	urldate	= {2020-09-09}
}

@customa{sw:pytest-qt,
	title	= {pytest-qt},
	url		= {https://pypi.org/project/pytest-qt},
	urldate	= {2020-09-09}
}

@online{ds:elsa,
	author 		= {Banks, J. and Batty, GD. and Coughlin, K. and Deepchand, K. and Marmot, M. and Nazroo, J. and Oldfield, Z. and Steel, N. and Steptoe, Wood, M. and A Zaninotto, P.},
	title		= {English Longitudinal Study of Ageing: Waves 0-8, 1998-2017},
	type		= {[data collection]},
	year 		= {2019},
	edition 	= {29th edition},
	publisher 	= {UK Data Service},
	url 		= {http://doi.org/10.5255/UKDA-SN-5050-16},
	urldate		= {2020-09-09}
}

@online{ds:hrs,
	title		= {Health and Retirement Study, (RAND HRS Longitudinal File 2016 (V2)) public use dataset},
	year 		= {2020},
	note 		= {Produced and distributed by the University of Michigan with funding from the National Institute on Aging (grant number NIA U01AG009740)},
	address 	= {Ann Arbor, MI}
}

@online{doc:elsa-gen,
	title	= {ELSA: Study Documentation},
	url 	= {https://www.elsa-project.ac.uk/study-documentation},
	urldate	= {2020-09-09}
}

@customa{ds:female-births,
	title 	= {Daily total female births in California, 1959},
	url 	= {https://www.kaggle.com/dougcresswell/daily-total-female-births-in-california-1959},
	urldate	= {2020-09-09}
}

@customa{docs:scikit-learn-pip,
	title 	= {Pipelines and composite estimators},
	url 	= {https://scikit-learn.org/stable/modules/compose.html},
	urldate	= {2020-09-09}
}

 @online{site:qt-python-future,
 	title	= {Technical vision for Qt for Python - What lies ahead},
 	year 	= {2019},
 	url 	= {https://www.qt.io/blog/2019/08/19/technical-vision-qt-python},
 	urldate	= {2020-09-09}
 }

@online{docs:python-mod-pack,
	title	= {Modules - Python 3.8.5 documentation},
	url 	= {https://docs.python.org/3/tutorial/modules.html},
	urldate	= {2020-09-09}
}

@online{docs:qt-resources,
	title 	= {Qt Documentation: The Qt Resource System},
	url 	= {https://doc.qt.io/qt-5/resources.html},
	urldate	= {2020-09-09}
}